<record><leader>00000cas a22000007a 4500</leader><controlfield tag="001">14634279</controlfield><controlfield tag="008">861104d190819uutxuwr ne      0    0eng d</controlfield><datafield ind1=" " ind2=" " tag="010"><subfield code="a">sn 86089947 </subfield></datafield><datafield ind1=" " ind2=" " tag="040"><subfield code="a">PPM</subfield><subfield code="b">eng</subfield><subfield code="c">PPM</subfield><subfield code="d">NSD</subfield><subfield code="d">PPM</subfield><subfield code="d">OCLCQ</subfield></datafield><datafield ind1=" " ind2=" " tag="042"><subfield code="a">msc</subfield></datafield><datafield ind1="0" ind2="4" tag="245"><subfield code="a">The Plano star-courier.</subfield></datafield><datafield ind1="1" ind2="3" tag="246"><subfield code="a">Star-courier</subfield></datafield><datafield ind1=" " ind2=" " tag="260"><subfield code="a">Plano, Tex. :</subfield><subfield code="b">Ira L. Stanley,</subfield><subfield code="c">1908-</subfield></datafield><datafield ind1=" " ind2=" " tag="300"><subfield code="a">v. :</subfield><subfield code="b">ill. (chiefly advertisements)</subfield></datafield><datafield ind1=" " ind2=" " tag="310"><subfield code="a">Weekly</subfield></datafield><datafield ind1="0" ind2=" " tag="362"><subfield code="a">Vol. 19, no. 18 (Sept. 10, 1908)-</subfield></datafield><datafield ind1=" " ind2=" " tag="752"><subfield code="a">United States</subfield><subfield code="b">Texas</subfield><subfield code="c">Collin</subfield><subfield code="d">Plano.</subfield></datafield><datafield ind1="0" ind2="0" tag="780"><subfield code="t">Star-courier (Plano, Tex. : 1902)</subfield><subfield code="w">(DLC)sn 86089946</subfield></datafield><datafield ind1="0" ind2="0" tag="785"><subfield code="t">Plano daily star-courier</subfield><subfield code="w">(DLC)sn 94059104</subfield></datafield></record>